@article{benfenati2018review,
  title     = {A review on graph optimization and algorithmic frameworks},
  author    = {Benfenati, Alessandro and Chouzenoux, Emilie and Duval, Laurent and Pesquet, Jean-Christophe and Pirayre, Aur{\'e}lie},
  year      = {2018},
  publisher = {LIGM-Laboratoire d'Informatique Gaspard-Monge}
}

@article{cappart2023combinatorial,
  title   = {Combinatorial optimization and reasoning with graph neural networks},
  author  = {Cappart, Quentin and Ch{\'e}telat, Didier and Khalil, Elias B and Lodi, Andrea and Morris, Christopher and Veli{\v{c}}kovi{\'c}, Petar},
  journal = {Journal of Machine Learning Research},
  volume  = {24},
  number  = {130},
  pages   = {1--61},
  year    = {2023}
}

@article{bello2016neural,
  title   = {Neural combinatorial optimization with reinforcement learning},
  author  = {Bello, Irwan and Pham, Hieu and Le, Quoc V and Norouzi, Mohammad and Bengio, Samy},
  journal = {arXiv preprint arXiv:1611.09940},
  year    = {2016}
}

@article{garmendia2022neural,
  title   = {Neural combinatorial optimization: a new player in the field},
  author  = {Garmendia, Andoni I and Ceberio, Josu and Mendiburu, Alexander},
  journal = {arXiv preprint arXiv:2205.01356},
  year    = {2022}
}

@book{goldengorin2018optimization,
  title     = {Optimization Problems in Graph Theory},
  author    = {Goldengorin, Boris},
  volume    = {139},
  year      = {2018},
  publisher = {Springer}
}

@misc{list-integrals,
  author  = {Wikipedia},
  title   = {{Lists of Integrals}},
  url     = {https://en.wikipedia.org/wiki/Lists_of_integrals},
  urldate = {2025-06-19}
}

@misc{nqbh-analysis,
  author = {Nguyễn Quản Bá Hồng},
  title  = {{Bài giảng Giải tích toán học \& Giải tích số}},
  year   = {2025},
  url    = {https://github.com/NQBH/advanced_STEM_beyond/blob/main/analysis/lecture/NQBH_mathematical_analysis_lecture.pdf}
}

@misc{fraction-cpp,
  author = {Martin Thoma},
  title  = {{Fractions in \texttt{C++}}},
  url    = {https://martin-thoma.com/fractions-in-cpp/}
}

@article{lewin1981polylogarithms,
  title  = {{Polylogarithms and Associated Functions}},
  author = {Lewin, Leonard},
  year   = {1981},
  pages  = {189--191}
}

@article{duverney2024introduction,
  title     = {{An Introduction to Hypergeometric Functions}},
  author    = {Duverney, Daniel},
  year      = {2024},
  publisher = {Springer},
  pages     = {239--251}
}

@article{goncharov2001multiple,
  title  = {{Multiple polylogarithms and mixed Tate motives}},
  author = {Goncharov, Alexander B},
  year   = {2001}
}

@book{stein2011fourier,
  title     = {{Fourier Analysis: An Introduction}},
  author    = {Stein, Elias M and Shakarchi, Rami},
  volume    = {1},
  year      = {2011},
  publisher = {Princeton University Press}
}